@Manual{R,
  title = {{R}: A Language and Environment for Statistical Computing},
  author = {{R Core Team}},
  organization = {R Foundation for Statistical Computing},
  address = {Vienna, Austria},
  year = {2020},
  url = {https://www.R-project.org/},
  note = {version 4.0.1},
}

@Manual{rmarkdown,
  title = {{rmarkdown}: Dynamic Documents for {R}},
  author = {JJ Allaire and Yihui Xie and Jonathan McPherson and Javier Luraschi and Kevin Ushey and Aron Atkins and Hadley Wickham and Joe Cheng and Winston Chang and Richard Iannone},
  year = {2020},
  note = {R package version 2.2 version 2.2},
  note = {ISBN 9781138359338 version 2.2},
  url = {https://github.com/rstudio/rmarkdown},
}

@Book{rmarkdown,
  title = {R Markdown: The Definitive Guide},
  author = {Yihui Xie and J.J. Allaire and Garrett Grolemund},
  publisher = {Chapman and Hall/CRC},
  address = {Boca Raton, Florida},
  year = {2018},
  note = {R package version 2.2 version 2.2},
  note = {ISBN 9781138359338 version 2.2},
  url = {https://bookdown.org/yihui/rmarkdown},
}

@Manual{distill,
  title = {{distill}: '{R} Markdown' Format for Scientific and Technical Writing},
  author = {JJ Allaire and Rich Iannone and Yihui Xie},
  year = {2020},
  note = {R package version 0.8 version 0.8},
  url = {https://CRAN.R-project.org/package=distill},
}

@Manual{knitr,
  title = {{knitr}: A General-Purpose Package for Dynamic Report Generation in {R}},
  author = {Yihui Xie},
  year = {2020},
  note = {R package version 1.28 version 1.28},
  note = {ISBN 978-1498716963 version 1.28},
  note = {ISBN 978-1466561595 version 1.28},
  url = {https://yihui.org/knitr/},
}

@Book{knitr,
  title = {Dynamic Documents with {R} and knitr},
  author = {Yihui Xie},
  publisher = {Chapman and Hall/CRC},
  address = {Boca Raton, Florida},
  year = {2015},
  edition = {2nd},
  note = {R package version 1.28 version 1.28},
  note = {ISBN 978-1498716963 version 1.28},
  note = {ISBN 978-1466561595 version 1.28},
  url = {https://yihui.org/knitr/},
}

@InCollection{knitr,
  booktitle = {Implementing Reproducible Computational Research},
  editor = {Victoria Stodden and Friedrich Leisch and Roger D. Peng},
  title = {knitr: A Comprehensive Tool for Reproducible Research in {R}},
  author = {Yihui Xie},
  publisher = {Chapman and Hall/CRC},
  year = {2014},
  note = {R package version 1.28 version 1.28},
  note = {ISBN 978-1498716963 version 1.28},
  note = {ISBN 978-1466561595 version 1.28},
  url = {http://www.crcpress.com/product/isbn/9781466561595},
}

@Manual{devtools,
  title = {{devtools}: Tools to Make Developing {R} Packages Easier},
  author = {Hadley Wickham and Jim Hester and Winston Chang},
  year = {2020},
  note = {R package version 2.3.0 version 2.3.0},
  url = {https://CRAN.R-project.org/package=devtools},
}

@Article{lme4,
  title = {Fitting Linear Mixed-Effects Models Using {lme4}},
  author = {Douglas Bates and Martin M{\"a}chler and Ben Bolker and Steve Walker},
  journal = {Journal of Statistical Software},
  year = {2015},
  volume = {67},
  number = {1},
  pages = {1--48},
  doi = {10.18637/jss.v067.i01},
  note = { version 1.1.23},
}

@Manual{rAltmetric,
  title = {{rAltmetric}: Retrieves Altmerics Data for Any Published Paper from
'Altmetric.com'},
  author = {Karthik Ram},
  year = {2017},
  note = {R package version 0.7.0 version 0.7.0},
  url = {https://CRAN.R-project.org/package=rAltmetric},
}

@Manual{rcrossref,
  title = {{rcrossref}: Client for Various 'CrossRef' 'APIs'},
  author = {Scott Chamberlain and Hao Zhu and Najko Jahn and Carl Boettiger and Karthik Ram},
  year = {2020},
  note = {R package version 1.0.0 version 1.0.0},
  url = {https://CRAN.R-project.org/package=rcrossref},
}

@Manual{RISmed,
  title = {{RISmed}: Download Content from NCBI Databases},
  author = {Stephanie Kovalchik},
  year = {2017},
  note = {R package version 2.1.7 version 2.1.7},
  url = {https://CRAN.R-project.org/package=RISmed},
}

@Manual{rscopus,
  title = {{rscopus}: Scopus Database 'API' Interface},
  author = {John Muschelli},
  year = {2019},
  note = {R package version 0.6.6 version 0.6.6},
  url = {https://CRAN.R-project.org/package=rscopus},
}

@Article{tidyverse,
  title = {Welcome to the {tidyverse}},
  author = {Hadley Wickham and Mara Averick and Jennifer Bryan and Winston Chang and Lucy D'Agostino McGowan and Romain François and Garrett Grolemund and Alex Hayes and Lionel Henry and Jim Hester and Max Kuhn and Thomas Lin Pedersen and Evan Miller and Stephan Milton Bache and Kirill Müller and Jeroen Ooms and David Robinson and Dana Paige Seidel and Vitalie Spinu and Kohske Takahashi and Davis Vaughan and Claus Wilke and Kara Woo and Hiroaki Yutani},
  year = {2019},
  journal = {Journal of Open Source Software},
  volume = {4},
  number = {43},
  pages = {1686},
  doi = {10.21105/joss.01686},
  note = { version 1.3.0},
}

@Manual{rio,
  title = {{rio}: A Swiss-army knife for data file I/O},
  author = {Chung-hong Chan and Geoffrey CH Chan and Thomas J. Leeper and Jason Becker},
  year = {2018},
  note = {R package version 0.5.16 version 0.5.16},
}

@Manual{cowplot,
  title = {{cowplot}: Streamlined Plot Theme and Plot Annotations for 'ggplot2'},
  author = {Claus O. Wilke},
  year = {2019},
  note = {R package version 1.0.0 version 1.0.0},
  url = {https://CRAN.R-project.org/package=cowplot},
}

@Manual{broom,
  title = {{broom}: Convert Statistical Analysis Objects into Tidy Tibbles},
  author = {David Robinson and Alex Hayes},
  year = {2020},
  note = {R package version 0.5.6 version 0.5.6},
  url = {https://CRAN.R-project.org/package=broom},
}

@Manual{rbokeh,
  title = {{rbokeh}: {R} Interface for Bokeh},
  author = {Ryan Hafen and {Continuum Analytics, Inc.}},
  year = {2020},
  note = {R package version 0.5.1 version 0.5.1},
  url = {https://CRAN.R-project.org/package=rbokeh},
}

@Manual{DT,
  title = {{DT}: A Wrapper of the JavaScript Library 'DataTables'},
  author = {Yihui Xie and Joe Cheng and Xianying Tan},
  year = {2020},
  note = {R package version 0.13 version 0.13},
  url = {https://CRAN.R-project.org/package=DT},
}

@Manual{dplyr,
  title = {{dplyr}: A Grammar of Data Manipulation},
  author = {Hadley Wickham and Romain François and Lionel Henry and Kirill Müller},
  year = {2020},
  note = {R package version 1.0.0 version 1.0.0},
  url = {https://CRAN.R-project.org/package=dplyr},
}

@Manual{ggbeeswarm,
  title = {{ggbeeswarm}: Categorical Scatter (Violin Point) Plots},
  author = {Erik Clarke and Scott Sherrill-Mix},
  year = {2017},
  note = {R package version 0.6.0 version 0.6.0},
  url = {https://CRAN.R-project.org/package=ggbeeswarm},
}

@Book{ggplot2,
  author = {Hadley Wickham},
  title = {{ggplot2}: Elegant Graphics for Data Analysis},
  publisher = {Springer-Verlag New York},
  year = {2016},
  isbn = {978-3-319-24277-4},
  url = {https://ggplot2.tidyverse.org},
  note = { version 3.3.1},
}

@Manual{Hmisc,
  title = {{Hmisc}: Harrell Miscellaneous},
  author = {Frank E {Harrell Jr} and with contributions from Charles Dupont and many others.},
  year = {2020},
  note = {R package version 4.4-0 version 4.4.0},
  url = {https://CRAN.R-project.org/package=Hmisc},
}

@Manual{httr,
  title = {{httr}: Tools for Working with URLs and HTTP},
  author = {Hadley Wickham},
  year = {2019},
  note = {R package version 1.4.1 version 1.4.1},
  url = {https://CRAN.R-project.org/package=httr},
}

@Article{lubridate,
  title = {Dates and Times Made Easy with {lubridate}},
  author = {Garrett Grolemund and Hadley Wickham},
  journal = {Journal of Statistical Software},
  year = {2011},
  volume = {40},
  number = {3},
  pages = {1--25},
  url = {http://www.jstatsoft.org/v40/i03/},
  note = { version 1.7.8},
}

@Manual{formr,
  title = {{formr}: formr survey framework},
  author = {Ruben Arslan},
  year = {2014},
  note = {R package version 0.8.5 version 0.8.5},
}

@Article{stringdist,
  title = {The stringdist package for approximate string matching},
  author = {M.P.J. {van der Loo}},
  year = {2014},
  journal = {The {R} {J}ournal},
  volume = {6},
  issue = {1},
  url = {https://CRAN.R-project.org/package=stringdist},
  pages = {111-122},
  note = { version 0.9.5.5},
}

@Article{brms,
  title = {{brms}: An {{R}} Package for {Bayesian} Multilevel Models Using {Stan}},
  author = {Paul-Christian Bürkner},
  journal = {Journal of Statistical Software},
  year = {2017},
  volume = {80},
  number = {1},
  pages = {1--28},
  doi = {10.18637/jss.v080.i01},
  encoding = {UTF-8},
  note = {NULL version 2.13.0},
  note = {NULL version 2.13.0},
}

@Article{brms,
  title = {Advanced {Bayesian} Multilevel Modeling with the {R} Package {brms}},
  author = {Paul-Christian Bürkner},
  journal = {The R Journal},
  year = {2018},
  volume = {10},
  number = {1},
  pages = {395--411},
  doi = {10.32614/RJ-2018-017},
  encoding = {UTF-8},
  note = {NULL version 2.13.0},
  note = {NULL version 2.13.0},
}

@Book{car,
  title = {An {{R}} Companion to Applied Regression},
  edition = {Third},
  author = {John Fox and Sanford Weisberg},
  year = {2019},
  publisher = {Sage},
  address = {Thousand Oaks {CA}},
  url = {https://socialsciences.mcmaster.ca/jfox/Books/Companion/},
  note = { version 3.0.8},
}

@Article{reshape2,
  title = {Reshaping Data with the {reshape} Package},
  author = {Hadley Wickham},
  journal = {Journal of Statistical Software},
  year = {2007},
  volume = {21},
  number = {12},
  pages = {1--20},
  url = {http://www.jstatsoft.org/v21/i12/},
  note = { version 1.4.4},
}

@Manual{stringr,
  title = {{stringr}: Simple, Consistent Wrappers for Common String Operations},
  author = {Hadley Wickham},
  year = {2019},
  note = {R package version 1.4.0 version 1.4.0},
  url = {https://CRAN.R-project.org/package=stringr},
}

@Article{zoo,
  title = {{zoo}: S3 Infrastructure for Regular and Irregular Time Series},
  author = {Achim Zeileis and Gabor Grothendieck},
  journal = {Journal of Statistical Software},
  year = {2005},
  volume = {14},
  number = {6},
  pages = {1--27},
  doi = {10.18637/jss.v014.i06},
  note = { version 1.8.8},
}

@Manual{highcharter,
  title = {{highcharter}: A Wrapper for the 'Highcharts' Library},
  author = {Joshua Kunst},
  year = {2019},
  note = {R package version 0.7.0 version 0.7.0},
  url = {https://CRAN.R-project.org/package=highcharter},
}

@Manual{ggvis,
  title = {{ggvis}: Interactive Grammar of Graphics},
  author = {Winston Chang and Hadley Wickham},
  year = {2019},
  note = {R package version 0.4.5 version 0.4.5},
  url = {https://CRAN.R-project.org/package=ggvis},
}

@Article{codebook,
  title = {How to automatically document data with the codebook package to facilitate data re-use.},
  author = {Ruben C. Arslan},
  year = {2019},
  doi = {10.1177/2515245919838783},
  journal = {Advances in Methods and Practices in Psychological Science},
  url = {https://doi.org/10.1177/2515245919838783},
  volume = {2},
  number = {2},
  note = { version 0.9.1},
}

@Manual{haven,
  title = {{haven}: Import and Export 'SPSS', 'Stata' and 'SAS' Files},
  author = {Hadley Wickham and Evan Miller},
  year = {2020},
  note = {R package version 2.3.1 version 2.3.1},
  url = {https://CRAN.R-project.org/package=haven},
}

@Manual{UpSetR,
  title = {{UpSetR}: A More Scalable Alternative to Venn and Euler Diagrams for
Visualizing Intersecting Sets},
  author = {Nils Gehlenborg},
  year = {2019},
  note = {R package version 1.4.0 version 1.4.0},
  url = {https://CRAN.R-project.org/package=UpSetR},
}

@Manual{forcats,
  title = {{forcats}: Tools for Working with Categorical Variables (Factors)},
  author = {Hadley Wickham},
  year = {2020},
  note = {R package version 0.5.0 version 0.5.0},
  url = {https://CRAN.R-project.org/package=forcats},
}

@Manual{coefplot,
  title = {{coefplot}: Plots Coefficients from Fitted Models},
  author = {Jared P. Lander},
  year = {2018},
  note = {R package version 1.2.6 version 1.2.6},
  url = {https://CRAN.R-project.org/package=coefplot},
}

@Book{effects,
  title = {An {R} Companion to Applied Regression},
  edition = {3rd},
  author = {John Fox and Sanford Weisberg},
  year = {2019},
  publisher = {Sage},
  address = {Thousand Oaks CA},
  url = {http://tinyurl.com/carbook},
  note = {NULL version 4.1.4},
  note = {NULL version 4.1.4},
  note = {NULL version 4.1.4},
  note = {NULL version 4.1.4},
}

@Article{effects,
  title = {Visualizing Fit and Lack of Fit in Complex Regression Models with Predictor Effect Plots and Partial Residuals},
  author = {John Fox and Sanford Weisberg},
  journal = {Journal of Statistical Software},
  year = {2018},
  volume = {87},
  number = {9},
  pages = {1--27},
  doi = {10.18637/jss.v087.i09},
  url = {https://www.jstatsoft.org/v087/i09},
  note = {NULL version 4.1.4},
  note = {NULL version 4.1.4},
  note = {NULL version 4.1.4},
  note = {NULL version 4.1.4},
}

@Article{effects,
  title = {Effect Displays in {R} for Generalised Linear Models},
  author = {John Fox},
  journal = {Journal of Statistical Software},
  year = {2003},
  volume = {8},
  number = {15},
  pages = {1--27},
  url = {http://www.jstatsoft.org/v08/i15/},
  note = {NULL version 4.1.4},
  note = {NULL version 4.1.4},
  note = {NULL version 4.1.4},
  note = {NULL version 4.1.4},
}

@Article{effects,
  title = {Effect Displays in {R} for Multinomial and Proportional-Odds Logit Models: Extensions to the {effects} Package},
  author = {John Fox and Jangman Hong},
  journal = {Journal of Statistical Software},
  year = {2009},
  volume = {32},
  number = {1},
  pages = {1--24},
  url = {http://www.jstatsoft.org/v32/i01/},
  note = {NULL version 4.1.4},
  note = {NULL version 4.1.4},
  note = {NULL version 4.1.4},
  note = {NULL version 4.1.4},
}

@Article{lmerTest,
  title = {{lmerTest} Package: Tests in Linear Mixed Effects Models},
  author = {Alexandra Kuznetsova and Per B. Brockhoff and Rune H. B. Christensen},
  journal = {Journal of Statistical Software},
  year = {2017},
  volume = {82},
  number = {13},
  pages = {1--26},
  doi = {10.18637/jss.v082.i13},
  note = { version 3.1.2},
}
